<record><leader>00000cas a22000007a 4500</leader><controlfield tag="001">17796357</controlfield><controlfield tag="008">880415d19701981txuwr ne      0    0eng d</controlfield><datafield ind1=" " ind2=" " tag="010"><subfield code="a">sn 88083345 </subfield></datafield><datafield ind1=" " ind2=" " tag="040"><subfield code="a">PPM</subfield><subfield code="b">eng</subfield><subfield code="c">PPM</subfield><subfield code="d">OCLCQ</subfield></datafield><datafield ind1=" " ind2=" " tag="042"><subfield code="a">msc</subfield></datafield><datafield ind1="0" ind2="0" tag="245"><subfield code="a">Corsicana weekly light.</subfield></datafield><datafield ind1=" " ind2=" " tag="260"><subfield code="a">Corsicana, Tex. :</subfield><subfield code="b">Authur J. Keeney,</subfield><subfield code="c">1970-1981.</subfield></datafield><datafield ind1=" " ind2=" " tag="310"><subfield code="a">Weekly</subfield></datafield><datafield ind1="0" ind2=" " tag="362"><subfield code="a">Vol. 84, no. 175 (Nov. 26,1970)-v. 95, no. 43 (Dec. 31, 1981).</subfield></datafield><datafield ind1=" " ind2=" " tag="752"><subfield code="a">United States</subfield><subfield code="b">Texas</subfield><subfield code="c">Navarro</subfield><subfield code="d">Corsicana.</subfield></datafield><datafield ind1="0" ind2="0" tag="780"><subfield code="t">Corsicana semi-weekly light</subfield></datafield></record>